<record><leader>00000cas a2200000 a 4500</leader><controlfield tag="001">11490082</controlfield><controlfield tag="008">841213d18981903ksuwr ne      0   a0eng d</controlfield><datafield ind1=" " ind2=" " tag="010"><subfield code="a">sn 84030122 </subfield></datafield><datafield ind1=" " ind2=" " tag="040"><subfield code="a">KSH</subfield><subfield code="b">eng</subfield><subfield code="c">KSH</subfield><subfield code="d">NPT</subfield><subfield code="d">OCL</subfield><subfield code="d">OCLCQ</subfield></datafield><datafield ind1=" " ind2=" " tag="042"><subfield code="a">msc</subfield></datafield><datafield ind1="0" ind2=" " tag="130"><subfield code="a">Syracuse news (Syracuse, Kan. : 1898)</subfield></datafield><datafield ind1="1" ind2="4" tag="245"><subfield code="a">The Syracuse news.</subfield></datafield><datafield ind1=" " ind2=" " tag="260"><subfield code="a">Syracuse, Kan. :</subfield><subfield code="b">H.A. Lauman &amp; Sons,</subfield><subfield code="c">1898-1903.</subfield></datafield><datafield ind1=" " ind2=" " tag="300"><subfield code="a">5 v. :</subfield><subfield code="b">ill. ;</subfield><subfield code="c">59 cm.</subfield></datafield><datafield ind1=" " ind2=" " tag="310"><subfield code="a">Weekly</subfield></datafield><datafield ind1="0" ind2=" " tag="362"><subfield code="a">Vol. 1, no. 1 (Mar. 25, 1898)-v. 5, no. 51 (Mar. 27, 1903).</subfield></datafield><datafield ind1=" " ind2=" " tag="500"><subfield code="a">Published by: H.N. Lester, Nov. 4, 1898-Dec. 29, 1899; E.P. Barber, Jan. 5, 1900-</subfield></datafield><datafield ind1=" " ind2=" " tag="500"><subfield code="a">"Republican."</subfield></datafield><datafield ind1=" " ind2=" " tag="515"><subfield code="a">Vol. 1, nos. 42-50 misnumbered v. 2.</subfield></datafield><datafield ind1=" " ind2=" " tag="525"><subfield code="a">Has occasional supplements.</subfield></datafield><datafield ind1=" " ind2=" " tag="752"><subfield code="a">United States</subfield><subfield code="b">Kansas</subfield><subfield code="c">Hamilton</subfield><subfield code="d">Syracuse.</subfield></datafield><datafield ind1="0" ind2="0" tag="780"><subfield code="t">Johnson City journal (Johnson City, Kan.)</subfield><subfield code="w">(DLC)sn 85029801</subfield></datafield><datafield ind1="0" ind2="5" tag="780"><subfield code="t">Arkansas Valley sentinel</subfield><subfield code="g">Mar. 22, 1901</subfield><subfield code="w">(DLC)sn 84030113</subfield></datafield><datafield ind1="0" ind2="7" tag="785"><subfield code="t">Syracuse republican (Syracuse, Kan. : 1902)</subfield><subfield code="w">(DLC)sn 84030371</subfield></datafield><datafield ind1="0" ind2="7" tag="785"><subfield code="t">Syracuse news and republican</subfield><subfield code="w">(DLC)sn 84030121</subfield></datafield></record>